@book{Fox2016,
address = {CA},
author = {Fox, John Jr.},
edition = {3},
publisher = {Thousand Oaks, SAGE Publications},
title = {{Applied Regression Analysis and Generalized Linear Models}},
year = {2016}
}
